<record><leader>00000cas a22000007a 4500</leader><controlfield tag="001">10552012</controlfield><controlfield tag="008">840322c19729999ohuwn ne      0   a0eng d</controlfield><datafield ind1=" " ind2=" " tag="010"><subfield code="a">sn 84007786 </subfield></datafield><datafield ind1=" " ind2=" " tag="040"><subfield code="a">NSD</subfield><subfield code="b">eng</subfield><subfield code="c">NSD</subfield><subfield code="d">ONP</subfield><subfield code="d">OCLCQ</subfield><subfield code="d">OSU</subfield><subfield code="d">OCLCO</subfield><subfield code="d">OCLCF</subfield><subfield code="d">OCLCO</subfield></datafield><datafield ind1=" " ind2=" " tag="012"><subfield code="m">1</subfield></datafield><datafield ind1="1" ind2=" " tag="022"><subfield code="a">0747-1114</subfield><subfield code="l">0747-1114</subfield><subfield code="2">1</subfield></datafield><datafield ind1=" " ind2=" " tag="032"><subfield code="a">944920</subfield><subfield code="b">USPS</subfield></datafield><datafield ind1=" " ind2=" " tag="042"><subfield code="a">nsdp</subfield></datafield><datafield ind1="0" ind2=" " tag="130"><subfield code="a">Firelands farmer (New London, Ohio)</subfield></datafield><datafield ind1=" " ind2="0" tag="222"><subfield code="a">Firelands farmer</subfield></datafield><datafield ind1="1" ind2="0" tag="245"><subfield code="a">Firelands farmer.</subfield></datafield><datafield ind1=" " ind2=" " tag="260"><subfield code="a">New London, Ohio :</subfield><subfield code="b">[s.n.],</subfield><subfield code="c">1972-</subfield></datafield><datafield ind1=" " ind2=" " tag="310"><subfield code="a">Weekly (except Christmas &amp; New Year's),</subfield><subfield code="b">Mar. 19, 1984-</subfield></datafield><datafield ind1=" " ind2=" " tag="321"><subfield code="a">Biweekly (except New Year's and weekly during Erie, Huron, &amp; Lorain County fairs),</subfield><subfield code="b">June 28, 1972-Feb. 27, 1984</subfield></datafield><datafield ind1="0" ind2=" " tag="362"><subfield code="a">First year, no. 1 (June 28, 1972)-</subfield></datafield><datafield ind1=" " ind2="0" tag="650"><subfield code="a">Agriculture</subfield><subfield code="z">Ohio</subfield><subfield code="x">Periodicals.</subfield></datafield><datafield ind1=" " ind2="7" tag="655"><subfield code="a">Periodicals.</subfield><subfield code="2">fast</subfield><subfield code="0">(OCoLC)fst01411641</subfield></datafield><datafield ind1=" " ind2="7" tag="650"><subfield code="a">Agriculture.</subfield><subfield code="2">fast</subfield><subfield code="0">(OCoLC)fst00801355</subfield></datafield><datafield ind1=" " ind2="7" tag="651"><subfield code="a">Ohio.</subfield><subfield code="2">fast</subfield><subfield code="0">(OCoLC)fst01205075</subfield></datafield><datafield ind1=" " ind2=" " tag="752"><subfield code="a">United States</subfield><subfield code="b">Ohio</subfield><subfield code="c">Huron</subfield><subfield code="d">New London.</subfield></datafield><datafield ind1="0" ind2="5" tag="780"><subfield code="t">Mid-Ohio farmer</subfield><subfield code="w">(DLC)sn 88078628</subfield></datafield></record>